@inproceedings{Mycontrib,
  keywords = {mypaper},
  title = {My contribution},
  author = {Doe, John},
  booktitle = {An international conference},
  pages = {1-10},
  year = 2020
}

