@article{Ref1,
  added-at = {2011-06-07T00:00:00.000+0200},
  author = {Dijkstra, Edsger W.},
  biburl = {http://www.bibsonomy.org/bibtex/2d10d27449abe2de63e2250ee48b34f05/dblp},
  ee = {http://doi.acm.org/10.1145/361179.361202},
  interhash = {460924a384e8c847273b9c004b77ba2f},
  intrahash = {d10d27449abe2de63e2250ee48b34f05},
  journal = {Commun. ACM},
  keywords = {dblp},
  number = 11,
  pages = {643-644},
  timestamp = {2011-06-07T00:00:00.000+0200},
  title = {Self-stabilizing Systems in Spite of Distributed Control.},
  url = {http://dblp.uni-trier.de/db/journals/cacm/cacm17.html#Dijkstra74},
  volume = 17,
  year = 1974
}

@article{Ref2,
  added-at = {2011-05-24T00:00:00.000+0200},
  author = {Dijkstra, Edsger W.},
  biburl = {http://www.bibsonomy.org/bibtex/2959baf0be1de52d0cd23dbcdcaf293d3/dblp},
  ee = {http://dx.doi.org/10.1007/BF01843566},
  interhash = {311787559a17f781aa1b860fb2f48c73},
  intrahash = {959baf0be1de52d0cd23dbcdcaf293d3},
  journal = {Distributed Computing},
  keywords = {dblp},
  number = 1,
  pages = {5-6},
  timestamp = {2011-05-24T00:00:00.000+0200},
  title = {A Belated Proof of Self-Stabilization.},
  url = {http://dblp.uni-trier.de/db/journals/dc/dc1.html#Dijkstra86},
  volume = 1,
  year = 1986
}

